%bibliografias no formato bibtex

%teste
@Misc{ionicdesc,
	title={\textbf{}},
	url={http://http://ionicframework.com/docs/overview/},
	urlaccessdate = {13 de Fevereiro de 2016},
	subtitle={\textbf{IONIC Framework Overview.}},
	author = {IONIC},
	year = {2016}
}



%exemplos de referências
@InProceedings{revista_patio_8a11,
  author = 	 {Lenira Haddad and Maria da Graça Souza Horn},
  title = 	 {Mais do que um lugar para gastar energia},
  year = 	 {2013},
  number = 	 {34},
  booktitle = {Revista Pátio - Educação Infantil},
  pages =	 {8--11}
}

@Article{revista_patio_pedagoria_ar_livre,
  author = 	 {Janaína Fontoura Caobelli},
  title = 	 {A importância da uma pedagogia ao ar livre},
  year = 	 {2013},
  number = 	 {34},
  journal = {Revista Pátio - Educação Infantil},
  pages =	 {34--35}
}

@Misc{maria_ines,
  howpublished = {\url{www.sme.pmmc.com.br/arquivos/ambiental/horta.doc}},
  title = {PROJETO HORTA ESCOLAR},
  author = {Maria Inês Soares Costa Neves},
  institution = {Prefeitura Municipal de Mogi das Cruzes Secretaria Municipal de Educação},
  note = {Acessado em 10/05/2013},
  year = {2006}
}

@book{alves1995quarto,
  title={O quarto do mist{\'e}rio},
  author={Alves, R.A.},
  year={1995},
  publisher={Papirus, Speculum}
}